% zrodlo internetowe

% https://books.google.pl/books?hl=pl&lr=&id=seAgiOfu2EIC&oi=fnd&pg=PR3&dq=opencv&ots=hVH19okIK9&sig=0TMH4trGlUt5cgpARXhWm4OW_ns&redir_esc=y#v=onepage&q&f=false
@book{bib:opencv_book,
  title={Learning OpenCV: Computer vision with the OpenCV library},
  author={Bradski, Gary and Kaehler, Adrian},
  year={2008},
  publisher={" O'Reilly Media, Inc."}
}

% https://books.google.pl/books?hl=pl&lr=&id=sEFPDwAAQBAJ&oi=fnd&pg=PP1&dq=Classifier+scikit+pipeline&ots=YscNeX31Pr&sig=PdOOO368J1QpPwOvkvfg1WvaVsQ&redir_esc=y#v=onepage&q=Classifier%20scikit%20pipeline&f=false
@book{bib:scikit_basics,
  title={Scikit-learn: machine learning simplified: implement scikit-learn into every step of the data science pipeline},
  author={Garreta, Ra{\'u}l and Moncecchi, Guillermo and Hauck, Trent and Hackeling, Gavin},
  year={2017},
  publisher={Packt Publishing Ltd}
}

% https://www.atlantis-press.com/proceedings/issat-21/125963795
@inproceedings{bib:mediapipe_1,
  title={Applying Hand Gesture Recognition for User Guide Application Using MediaPipe},
  author={Indriani and Moh. Harris and Ali Suryaperdana Agoes},
  year={2021},
  booktitle={Proceedings of the 2nd International Seminar of Science and Applied Technology (ISSAT 2021)},
  pages={101-108},
  issn={2352-5401},
  isbn={978-94-6239-451-3},
  url={https://doi.org/10.2991/aer.k.211106.017},
  doi={https://doi.org/10.2991/aer.k.211106.017},
  publisher={Atlantis Press}
}


@MISC{bib:opencv,
  title = {{Dokumentcja OpenCV}},
  howpublished = "\newline \url{https://docs.opencv.org/3.4/}"
}

@MISC{bib:mediapipe,
  title = {{Dokumentcja MediaPipe}},
  howpublished = "\newline \url{https://google.github.io/mediapipe/solutions/hands.html}",
}

@MISC{bib:scikit,
  title = {{Dokumentacja SciKit-Learn}},
  howpublished = "\newline \url{https://scikit-learn.org/stable/index.html}",
}

@MISC{bib:ml,
  title = {{SciKit-Learn Machine Learning Algorithms}},
  howpublished = "\newline \url{https://scikit-learn.org/stable/supervised_learning.html}",
}

@MISC{bib:pypi,
  title = {{Dokumentacja OpenLeap na PyPi}},
  howpublished = "\newline \url{https://pypi.org/project/openleap/}",
}
